@online{ID_online,
  author = {author},
  ALTeditor = {editor},
  title = {title},
  date = {1990-12-25},
  url = {url},
  urldate = {2019-01-01},
  OPTsubtitle = {subtitle},
  OPTtitleaddon = {titleaddon},
  OPTlanguage = {language},
  OPTversion = {version},
  OPTnote = {note},
  OPTorganization = {organization},
  OPTdate = {date},
  OPTmonth = {month},
  OPTyear = {year},
  OPTaddendum = {addendum},
  OPTpubstate = {pubstate},
}
